[gd_scene load_steps=6 format=2]

[ext_resource path="res://assets/image/bg.png" type="Texture" id=1]
[ext_resource path="res://assets/image/btn_easy.png" type="Texture" id=2]
[ext_resource path="res://assets/image/btn_medium.png" type="Texture" id=3]
[ext_resource path="res://assets/image/btn_hard.png" type="Texture" id=4]
[ext_resource path="res://script/Levels.gd" type="Script" id=5]

[node name="Levels" type="Control"]
anchor_right = 1.0
anchor_bottom = 1.0
script = ExtResource( 5 )
__meta__ = {
"_edit_use_anchors_": false
}

[node name="TextureRect" type="TextureRect" parent="."]
anchor_right = 1.0
anchor_bottom = 1.0
mouse_filter = 2
texture = ExtResource( 1 )
expand = true
stretch_mode = 7
__meta__ = {
"_edit_use_anchors_": false
}

[node name="VBoxContainer" type="VBoxContainer" parent="."]
anchor_left = 0.5
anchor_top = 0.5
anchor_right = 0.5
anchor_bottom = 0.5
margin_left = -185.5
margin_top = -181.0
margin_right = 185.5
margin_bottom = 181.0
custom_constants/separation = 40
__meta__ = {
"_edit_use_anchors_": false
}

[node name="BtnEasy" type="Button" parent="VBoxContainer"]
margin_right = 371.0
margin_bottom = 94.0
rect_min_size = Vector2( 371, 94 )
focus_mode = 0
shortcut_in_tooltip = false
enabled_focus_mode = 0
flat = true
__meta__ = {
"_edit_group_": true
}

[node name="TextureRect" type="TextureRect" parent="VBoxContainer/BtnEasy"]
anchor_left = 0.5
anchor_top = 0.5
anchor_right = 0.5
anchor_bottom = 0.5
margin_left = -189.5
margin_top = -47.0
margin_right = 189.5
margin_bottom = 55.0
mouse_filter = 2
texture = ExtResource( 2 )

[node name="BtnMedium" type="Button" parent="VBoxContainer"]
margin_top = 134.0
margin_right = 371.0
margin_bottom = 228.0
rect_min_size = Vector2( 371, 94 )
focus_mode = 0
shortcut_in_tooltip = false
enabled_focus_mode = 0
flat = true
__meta__ = {
"_edit_group_": true
}

[node name="TextureRect" type="TextureRect" parent="VBoxContainer/BtnMedium"]
anchor_left = 0.5
anchor_top = 0.5
anchor_right = 0.5
anchor_bottom = 0.5
margin_left = -189.5
margin_top = -47.0
margin_right = 189.5
margin_bottom = 55.0
mouse_filter = 2
texture = ExtResource( 3 )
__meta__ = {
"_edit_use_anchors_": false
}

[node name="BtnHard" type="Button" parent="VBoxContainer"]
margin_top = 268.0
margin_right = 371.0
margin_bottom = 362.0
rect_min_size = Vector2( 371, 94 )
focus_mode = 0
shortcut_in_tooltip = false
enabled_focus_mode = 0
flat = true
__meta__ = {
"_edit_group_": true
}

[node name="TextureRect" type="TextureRect" parent="VBoxContainer/BtnHard"]
anchor_left = 0.5
anchor_top = 0.5
anchor_right = 0.5
anchor_bottom = 0.5
margin_left = -189.5
margin_top = -47.0
margin_right = 189.5
margin_bottom = 55.0
mouse_filter = 2
texture = ExtResource( 4 )
__meta__ = {
"_edit_use_anchors_": false
}
[connection signal="pressed" from="VBoxContainer/BtnEasy" to="." method="_on_BtnEasy_pressed"]
[connection signal="pressed" from="VBoxContainer/BtnMedium" to="." method="_on_BtnMedium_pressed"]
[connection signal="pressed" from="VBoxContainer/BtnHard" to="." method="_on_BtnHard_pressed"]
